@article{hassan2018robust,
	title={A robust human activity recognition system using smartphone sensors and deep learning},
	author={Hassan, Mohammed Mehedi and Uddin, Md Zia and Mohamed, Amr and Almogren, Ahmad},
	journal={Future Generation Computer Systems},
	volume={81},
	pages={307--313},
	year={2018},
	publisher={Elsevier}
}
@article{zhang2013human,
	title={Human daily activity recognition with sparse representation using wearable sensors},
	author={Zhang, Mi and Sawchuk, Alexander A},
	journal={IEEE journal of Biomedical and Health Informatics},
	volume={17},
	number={3},
	pages={553--560},
	year={2013},
	publisher={IEEE}
}
@article{gonzalez2015features,
	title={Features and models for human activity recognition},
	author={Gonz{\'a}lez, Silvia and Sedano, Javier and Villar, Jos{\'e} R and Corchado, Emilio and Herrero, {\'A}lvaro and Baruque, Bruno},
	journal={Neurocomputing},
	volume={167},
	pages={52--60},
	year={2015},
	publisher={Elsevier}
}
@inproceedings{hong2008activity,
	title={Activity recognition using wearable sensors for elder care},
	author={Hong, Yu-Jin and Kim, Ig-Jae and Ahn, Sang Chul and Kim, Hyoung-Gon},
	booktitle={2008 Second International Conference on Future Generation Communication and Networking},
	volume={2},
	pages={302--305},
	year={2008},
	organization={IEEE}
}
@article{liu2011multisensor,
	title={Multisensor data fusion for physical activity assessment},
	author={Liu, Shaopeng and Gao, Robert X and John, Dinesh and Staudenmayer, John W and Freedson, Patty S},
	journal={IEEE Transactions on Biomedical Engineering},
	volume={59},
	number={3},
	pages={687--696},
	year={2011},
	publisher={IEEE}
}
@inproceedings{sena2018multiscale,
	title={Multiscale DCNN Ensemble Applied to Human Activity Recognition Based on Wearable Sensors},
	author={Sena, Jessica and Santos, Jesimon Barreto and Schwartz, William Robson},
	booktitle={2018 26th European Signal Processing Conference (EUSIPCO)},
	pages={1202--1206},
	year={2018},
	organization={IEEE}
}
@article{baldominos2019comparison,
	title={A Comparison of Machine Learning and Deep Learning Techniques for Activity Recognition using Mobile Devices},
	author={Baldominos, Alejandro and Cervantes, Alejandro and Saez, Yago and Isasi, Pedro},
	journal={Sensors},
	volume={19},
	number={3},
	pages={521},
	year={2019},
	publisher={Multidisciplinary Digital Publishing Institute}
}
@inproceedings{nair2010rectified,
	title={Rectified linear units improve restricted boltzmann machines},
	author={Nair, Vinod and Hinton, Geoffrey E},
	booktitle={Proceedings of the 27th international conference on machine learning (ICML-10)},
	pages={807--814},
	year={2010}
}
@article{zhang1999geometrical,
	title={A geometrical representation of McCulloch-Pitts neural model and its applications},
	author={Zhang, Ling and Zhang, Bo},
	journal={IEEE Transactions on Neural Networks},
	volume={10},
	number={4},
	pages={925--929},
	year={1999},
	publisher={IEEE}
}

@inproceedings{kose2012online,
	title={Online human activity recognition on smart phones},
	author={Kose, Mustafa and Incel, Ozlem Durmaz and Ersoy, Cem},
	booktitle={Workshop on Mobile Sensing: From Smartphones and Wearables to Big Data},
	volume={16},
	number={2012},
	pages={11--15},
	year={2012}
}
@article{rutkowski2014cart,
	title={The CART decision tree for mining data streams},
	author={Rutkowski, Leszek and Jaworski, Maciej and Pietruczuk, Lena and Duda, Piotr},
	journal={Information Sciences},
	volume={266},
	pages={1--15},
	year={2014},
	publisher={Elsevier}
}
@phdthesis{zhang2012physical,
	title={Physical activity classification using the GENEA wrist-worn accelerometer},
	author={Zhang, Shaoyan and Rowlands, Alex V and Murray, Peter and Hurst, Tina L and others},
	year={2012},
	school={Lippincott Williams and Wilkins}
}
@article{xi2017evaluation,
	title={Evaluation of feature extraction and recognition for activity monitoring and fall detection based on wearable sEMG sensors},
	author={Xi, Xugang and Tang, Minyan and Miran, Seyed M and Luo, Zhizeng},
	journal={Sensors},
	volume={17},
	number={6},
	pages={1229},
	year={2017},
	publisher={Multidisciplinary Digital Publishing Institute}
}
@article{zardoshti1995emg,
	title={EMG feature evaluation for movement control of upper extremity prostheses},
	author={Zardoshti-Kermani, Mahyar and Wheeler, Bruce C and Badie, Kambiz and Hashemi, Reza M},
	journal={IEEE Transactions on Rehabilitation Engineering},
	volume={3},
	number={4},
	pages={324--333},
	year={1995},
	publisher={IEEE}
}
@inproceedings{shirahama2016codebook,
	title={Codebook approach for sensor-based human activity recognition},
	author={Shirahama, Kimiaki and K{\"o}ping, Lukas and Grzegorzek, Marcin},
	booktitle={Proceedings of the 2016 ACM International Joint Conference on Pervasive and Ubiquitous Computing: Adjunct},
	pages={197--200},
	year={2016},
	organization={ACM}
}
@incollection{sow2013mining,
	title={Mining of sensor data in healthcare: A survey},
	author={Sow, Daby and Turaga, Deepak S and Schmidt, Michael},
	booktitle={Managing and mining sensor data},
	pages={459--504},
	year={2013},
	publisher={Springer}
}
@incollection{mehrang2017human,
	title={Human activity recognition using a single optical heart rate monitoring wristband equipped with triaxial accelerometer},
	author={Mehrang, Saeed and Pietila, Julia and Tolonen, Johanna and Helander, Elina and Jimison, Holly and Pavel, Misha and Korhonen, Ilkka},
	booktitle={EMBEC \& NBC 2017},
	pages={587--590},
	year={2017},
	publisher={Springer}
}
@article{shakya2018comparative,
	title={Comparative Study of Machine Learning and Deep Learning Architecture for Human Activity Recognition Using Accelerometer Data},
	author={Shakya, Sarbagya Ratna and Zhang, Chaoyang and Zhou, Zhaoxian},
	journal={Int. J. Mach. Learn. Comput},
	volume={8},
	pages={577--582},
	year={2018}
}
@article{brownlee2018gentle,
	title={A gentle introduction to k-fold cross-validation},
	author={Brownlee, Jason},
	journal={Accessed October},
	volume={7},
	pages={2018},
	year={2018}
}
@article{Sarbishei2019platform,
	title={A Platform and Methodology Enabling Real-Time Motion Pattern Recognition on Low-Power Smart Devices},
	author={Sarbishei, Omid},
	journal={2019 IEEE World Forum on Internet of Things},
	pages={257--260},
	year={2019},
	publisher={Accepted for publication}
}
@misc{Accelero5:online,
	author = {},
	title = {Accelerometer},
	howpublished = {\url{https://www.w3.org/TR/accelerometer/}},
	month = {},
	year = {},
	note = {(Accessed on 07/03/2019)}
}
@book{moon2000mathematical,
	title={Mathematical methods and algorithms for signal processing},
	author={Moon, Todd K and Stirling, Wynn C},
	volume={1},
	year={2000},
	publisher={Prentice hall Upper Saddle River, NJ}
}
@article{wang2019survey,
	title={A survey on wearable sensor modality centred human activity recognition in health care},
	author={Wang, Yan and Cang, Shuang and Yu, Hongnian},
	journal={Expert Systems with Applications},
	year={2019},
	publisher={Elsevier}
}
@article{soro2019recognition,
	title={Recognition and Repetition Counting for Complex Physical Exercises with Deep Learning},
	author={Soro, Andrea and Brunner, Gino and Tanner, Simon and Wattenhofer, Roger},
	journal={Sensors},
	volume={19},
	number={3},
	pages={714},
	year={2019},
	publisher={Multidisciplinary Digital Publishing Institute}
}
@inproceedings{de2018comparative,
	title={A Comparative Study on Fitness Activity Recognition},
	author={de Faria, Igor Lopes and Vieira, Vaninha},
	booktitle={Proceedings of the 24th Brazilian Symposium on Multimedia and the Web},
	pages={327--330},
	year={2018},
	organization={ACM}
}
@article{jordao2018human,
	title={Human activity recognition based on wearable sensor data: A standardization of the state-of-the-art},
	author={Jordao, Artur and Nazare Jr, Antonio C and Sena, Jessica and Schwartz, William Robson},
	journal={arXiv preprint arXiv:1806.05226},
	year={2018}
}@article{kolodziej2019registration,
	title={Registration and Analysis of Acceleration Data to Recognize Physical Activity},
	author={Ko{\l}odziej, Marcin and Majkowski, Andrzej and Tarnowski, Pawe{\l} and Rak, Remigiusz J and Gebert, Dominik and Sawicki, Dariusz},
	journal={Journal of Healthcare Engineering},
	volume={2019},
	year={2019},
	publisher={Hindawi}
}
@book{schilit1994context,
	title={Context-aware computing applications},
	author={Schilit, Bill N and Adams, Norman and Want, Roy and others},
	year={1994},
	publisher={Xerox Corporation, Palo Alto Research Center}
}
@article{rosati2018comparison,
	title={Comparison of Different Sets of Features for Human Activity Recognition by Wearable Sensors},
	author={Rosati, Samanta and Balestra, Gabriella and Knaflitz, Marco},
	journal={Sensors},
	volume={18},
	number={12},
	pages={4189},
	year={2018},
	publisher={Multidisciplinary Digital Publishing Institute}
}

@inproceedings{Nourani_CoMoRea2019,
	author = {Nourani, Hosein and Shihab, Emad and Sarbishe, Omid},
	title = {The Impact of Data Reduction on Wearable-Based Human Activity Recognition},
	booktitle = {Proceedings of the 15th Workshop on Context Modeling and Recognition},
	series = {CoMoRea '19},
	year = {2019},
	location = {Kyoto, Japan},
	pages = {89--94},
	numpages = {6},
	publisher = {IEEE},
} 

@article{bulling2014tutorial,
	title={A tutorial on human activity recognition using body-worn inertial sensors},
	author={Bulling, Andreas and Blanke, Ulf and Schiele, Bernt},
	journal={ACM Computing Surveys (CSUR)},
	volume={46},
	number={3},
	pages={33},
	year={2014},
	publisher={ACM}
}
@article{nabian2017comparative,
	title={A Comparative Study on Machine Learning Classification Models for Activity Recognition},
	author={Nabian, Mohsen},
	journal={Journal of Information Technology \& Software Engineering},
	volume={7},
	number={04},
	pages={4--8},
	year={2017}
}
@article{oza2008classifier,
	title={Classifier ensembles: Select real-world applications},
	author={Oza, Nikunj C and Tumer, Kagan},
	journal={Information Fusion},
	volume={9},
	number={1},
	pages={4--20},
	year={2008},
	publisher={Elsevier}
}
@inproceedings{avci2010activity,
	title={Activity recognition using inertial sensing for healthcare, wellbeing and sports applications: A survey},
	author={Avci, Akin and Bosch, Stephan and Marin-Perianu, Mihai and Marin-Perianu, Raluca and Havinga, Paul},
	booktitle={Architecture of computing systems (ARCS), 2010 23rd international conference on},
	pages={1--10},
	year={2010},
	organization={VDE}
}
@inproceedings{ghasemzadeh2009sport,
	title={Sport training using body sensor networks: A statistical approach to measure wrist rotation for golf swing},
	author={Ghasemzadeh, Hassan and Loseu, Vitali and Guenterberg, Eric and Jafari, Roozbeh},
	booktitle={Proceedings of the Fourth International Conference on Body Area Networks},
	pages={2},
	year={2009},
	organization={ICST (Institute for Computer Sciences, Social-Informatics and Telecommunications Engineering)}
}
@inproceedings{mantyjarvi2001recognizing,
	title={Recognizing human motion with multiple acceleration sensors},
	author={Mantyjarvi, Jani and Himberg, Johan and Seppanen, Tapio},
	booktitle={Systems, Man, and Cybernetics, 2001 IEEE International Conference on},
	volume={2},
	pages={747--752},
	year={2001},
	organization={IEEE}
}


@article{amr2008survey,
	title={Survey on feature selection},
	author={Amr, Tarek},
	journal={IEEE transactions on information forensics and security},
	volume={3},
	number={1},
	pages={91--100},
	year={2008}
}
@article{saeys2007review,
	title={A review of feature selection techniques in bioinformatics},
	author={Saeys, Yvan and Inza, I{\~n}aki and Larra{\~n}aga, Pedro},
	journal={bioinformatics},
	volume={23},
	number={19},
	pages={2507--2517},
	year={2007},
	publisher={Oxford University Press}
}
@inproceedings{maurer2006activity,
	title={Activity recognition and monitoring using multiple sensors on different body positions},
	author={Maurer, Uwe and Smailagic, Asim and Siewiorek, Daniel P and Deisher, Michael},
	booktitle={Wearable and Implantable Body Sensor Networks, 2006. BSN 2006. International Workshop on},
	pages={4--pp},
	year={2006},
	organization={IEEE}
}
@article{gupta2014feature,
	title={Feature selection and activity recognition system using a single triaxial accelerometer},
	author={Gupta, Piyush and Dallas, Tim},
	journal={IEEE Transactions on Biomedical Engineering},
	volume={61},
	number={6},
	pages={1780--1786},
	year={2014},
	publisher={IEEE}
}
@article{lester2005hybrid,
	title={A hybrid discriminative/generative approach for modeling human activities},
	author={Lester, Jonathan and Choudhury, Tanzeem and Kern, Nicky and Borriello, Gaetano and Hannaford, Blake},
	year={2005}
}

@article{erdacs2016integrating,
	title={Integrating features for accelerometer-based activity recognition},
	author={Erda{\c{s}}, {\c{C}} Berke and Atasoy, I{\c{s}}{\i}l and A{\c{c}}{\i}c{\i}, Koray and O{\u{g}}ul, Hasan},
	journal={Procedia Computer Science},
	volume={98},
	pages={522--527},
	year={2016},
	publisher={Elsevier}
}
@incollection{Motoda:2002:DRF:778212.778245,
	author = {Motoda, Hiroshi and Liu, Huan},
	chapter = {Data Reduction: Feature Selection},
	title = {Handbook of Data Mining and Knowledge Discovery},
	editor = {Kl\"{o}sgen, Willi and Zytkow, Jan M.},
	year = {2002},
	isbn = {0-19-511831-6},
	pages = {208--213},
	numpages = {6},
	url = {http://dl.acm.org/citation.cfm?id=778212.778245},
	acmid = {778245},
	publisher = {Oxford University Press, Inc.},
	address = {New York, NY, USA},
} 
@article{capela2015feature,
	title={Feature selection for wearable smartphone-based human activity recognition with able bodied, elderly, and stroke patients},
	author={Capela, Nicole A and Lemaire, Edward D and Baddour, Natalie},
	journal={PloS one},
	volume={10},
	number={4},
	pages={e0124414},
	year={2015},
	publisher={Public Library of Science}
}
@article{zhao2010advancing,
	title={Advancing feature selection research},
	author={Zhao, Zheng and Morstatter, Fred and Sharma, Shashvata and Alelyani, Salem and Anand, Aneeth and Liu, Huan},
	journal={ASU feature selection repository},
	pages={1--28},
	year={2010}
}
@article{krishnan2009recognition,
	title={Recognition of hand movements using wearable accelerometers},
	author={Krishnan, Narayanan C and Juillard, Colin and Colbry, Dirk and Panchanathan, Sethuraman},
	journal={Journal of Ambient Intelligence and Smart Environments},
	volume={1},
	number={2},
	pages={143--155},
	year={2009},
	publisher={IOS Press}
}
@article{catal2015use,
	title={On the use of ensemble of classifiers for accelerometer-based activity recognition},
	author={Catal, Cagatay and Tufekci, Selin and Pirmit, Elif and Kocabag, Guner},
	journal={Applied Soft Computing},
	volume={37},
	pages={1018--1022},
	year={2015},
	publisher={Elsevier}
}
@article{yu2004efficient,
	title={Efficient feature selection via analysis of relevance and redundancy},
	author={Yu, Lei and Liu, Huan},
	journal={Journal of machine learning research},
	volume={5},
	number={Oct},
	pages={1205--1224},
	year={2004}
}
@incollection{park2013feature,
	title={A feature selection method using hierarchical clustering},
	author={Park, Cheong Hee},
	booktitle={Mining Intelligence and Knowledge Exploration},
	pages={1--6},
	year={2013},
	publisher={Springer}
}
@inproceedings{ienco2008exploration,
	title={Exploration and reduction of the feature space by hierarchical clustering},
	author={Ienco, Dino and Meo, Rosa},
	booktitle={Proceedings of the 2008 SIAM International Conference on Data Mining},
	pages={577--587},
	year={2008},
	organization={SIAM}
}
@phdthesis{deng1998omega,
	title={OMEGA: On-line memory-based general purpose system classifier},
	author={Deng, Kan},
	year={1998},
	school={Carnegie Mellon University}
}

@inproceedings{morris2014recofit,
	title={RecoFit: using a wearable sensor to find, recognize, and count repetitive exercises},
	author={Morris, Dan and Saponas, T Scott and Guillory, Andrew and Kelner, Ilya},
	booktitle={Proceedings of the SIGCHI Conference on Human Factors in Computing Systems},
	pages={3225--3234},
	year={2014},
	organization={ACM}
}

@article{lester2005hybrid,
	title={A hybrid discriminative/generative approach for modeling human activities},
	author={Lester, Jonathan and Choudhury, Tanzeem and Kern, Nicky and Borriello, Gaetano and Hannaford, Blake},
	year={2005}
}
@phdthesis{deng1998omega,
	title={OMEGA: On-line memory-based general purpose system classifier},
	author={Deng, Kan},
	year={1998},
	school={Carnegie Mellon University}
}

@inproceedings{jayalath2013gyroscope,
	title={A gyroscope based accurate pedometer algorithm},
	author={Jayalath, Sampath and Abhayasinghe, Nimsiri and Murray, Iain},
	booktitle={International Conference on Indoor Positioning and Indoor Navigation},
	volume={28},
	pages={31st},
	year={2013}
}

@inproceedings{zhuo2008genetic,
	title={A genetic algorithm based wrapper feature selection method for classification of hyperspectral images using support vector machine},
	author={Zhuo, Li and Zheng, Jing and Li, Xia and Wang, Fang and Ai, Bin and Qian, Junping},
	booktitle={Geoinformatics 2008 and Joint Conference on GIS and Built Environment: Classification of Remote Sensing Images},
	volume={7147},
	pages={71471J},
	year={2008},
	organization={International Society for Optics and Photonics}
}
@inproceedings{sanchez2007filter,
	title={Filter methods for feature selection--a comparative study},
	author={S{\'a}nchez-Maro{\~n}o, Noelia and Alonso-Betanzos, Amparo and Tombilla-Sanrom{\'a}n, Mar{\'\i}a},
	booktitle={International Conference on Intelligent Data Engineering and Automated Learning},
	pages={178--187},
	year={2007},
	organization={Springer}
}
@article{jain2000statistical,
  title={Statistical pattern recognition: A review},
  author={Jain, Anil K and Duin, Robert P. W. and Mao, Jianchang},
  journal={IEEE Transactions on pattern analysis and machine intelligence},
  volume={22},
  number={1},
  pages={4--37},
  year={2000},
  publisher={Ieee}
}
@article{bishop2006pattern,
  title={Pattern recognition and machine learning (information science and statistics) springer-verlag new york},
  author={Bishop, Christopher M},
  journal={Inc. Secaucus, NJ, USA},
  year={2006}
}
@article{guyon2006feature,
  title={Feature Extraction: Foundations and Applications (Studies in Fuzziness and Soft Computing) Springer},
  author={Guyon, I and Gunn, S and Nikravesh, M and Zadeh, LA},
  journal={Secaucus, NJ, USA},
  year={2006}
}
@article{yurtman2017activity,
  title={Activity recognition invariant to sensor orientation with wearable motion sensors},
  author={Yurtman, Aras and Barshan, Billur},
  journal={Sensors},
  volume={17},
  number={8},
  pages={1838},
  year={2017},
  publisher={Multidisciplinary Digital Publishing Institute}
}
@inproceedings{sposaro2009ifall,
  title={iFall: an Android application for fall monitoring and response},
  author={Sposaro, Frank and Tyson, Gary},
  booktitle={Engineering in Medicine and Biology Society, 2009. EMBC 2009. Annual International Conference of the IEEE},
  pages={6119--6122},
  year={2009},
  organization={IEEE}
}
@article{sprager2015inertial,
  title={Inertial sensor-based gait recognition: A review},
  author={Sprager, Sebastijan and Juric, Matjaz B},
  journal={Sensors},
  volume={15},
  number={9},
  pages={22089--22127},
  year={2015},
  publisher={Multidisciplinary Digital Publishing Institute}
}
@article{Kwapisz_ACM2011,
  title={Activity recognition using cell phone accelerometers},
  author={Kwapisz, Jennifer R and Weiss, Gary M and Moore, Samuel A},
  journal={ACM SigKDD Explorations Newsletter},
  volume={12},
  number={2},
  pages={74--82},
  year={2011},
  publisher={ACM}
}
@article{shen_IEEE2017,
  title={MiLift: Efficient Smartwatch-based Workout Tracking Using Automatic Segmentation},
  author={Shen, Chenguang and Ho, Bo-Jhang and Srivastava, Mani},
  journal={IEEE Transactions on Mobile Computing},
  year={2017},
  publisher={IEEE}
}
@inproceedings{nguyen2017location,
  title={Location-Aware Human Activity Recognition},
  author={Nguyen, Tam T and Fernandez, Daniel and Nguyen, Quy TK and Bagheri, Ebrahim},
  booktitle={International Conference on Advanced Data Mining and Applications},
  pages={821--835},
  year={2017},
  organization={Springer}
}

@article{kim2010human,
  title={Human activity recognition and pattern discovery},
  author={Kim, Eunju and Helal, Sumi and Cook, Diane},
  journal={IEEE Pervasive Computing},
  volume={9},
  number={1},
  year={2010},
  publisher={IEEE}
}
@inproceedings{janidarmian2014automated,
  title={Automated diagnosis of knee pathology using sensory data},
  author={Janidarmian, Majid and Radecka, Katarzyna and Zilic, Zeljko},
  booktitle={Wireless Mobile Communication and Healthcare (Mobihealth), 2014 EAI 4th International Conference on},
  pages={95--98},
  year={2014},
  organization={IEEE}
}
@inproceedings{mujahid2017examining,
  title={Examining user complaints of wearable apps: a case study on Android wear},
  author={Mujahid, Suhaib and Sierra, Giancarlo and Abdalkareem, Rabe and Shihab, Emad and Shang, Weiyi},
  booktitle={Proceedings of the 4th International Conference on Mobile Software Engineering and Systems},
  pages={96--99},
  year={2017},
  organization={IEEE Press}
}
@inproceedings{sousa2017comparative,
  title={A Comparative Analysis of the Impact of Features on Human Activity Recognition with Smartphone Sensors},
  author={Sousa, Wesllen and Souto, Eduardo and Rodrigres, Jonatas and Sadarc, Pedro and Jalali, Roozbeh and El-Khatib, Khalil},
  booktitle={Proceedings of the 23rd Brazillian Symposium on Multimedia and the Web},
  pages={397--404},
  year={2017},
  organization={ACM}
}

@article{choudhury2008mobile,
  title={The mobile sensing platform: An embedded activity recognition system},
  author={Choudhury, Tanzeem and Consolvo, Sunny and Harrison, Beverly and Hightower, Jeffrey and LaMarca, Anthony and LeGrand, Louis and Rahimi, Ali and Rea, Adam and Bordello, G and Hemingway, Bruce and others},
  journal={IEEE Pervasive Computing},
  volume={7},
  number={2},
  year={2008},
  publisher={IEEE}
}
@article{chen2012sensor,
  title={Sensor-based activity recognition},
  author={Chen, Liming and Hoey, Jesse and Nugent, Chris D and Cook, Diane J and Yu, Zhiwen},
  journal={IEEE Transactions on Systems, Man, and Cybernetics, Part C (Applications and Reviews)},
  volume={42},
  number={6},
  pages={790--808},
  year={2012},
  publisher={IEEE}
}

@article{lara2013survey,
  title={A survey on human activity recognition using wearable sensors.},
  author={Lara, Oscar D and Labrador, Miguel A},
  journal={IEEE Communications Surveys and Tutorials},
  volume={15},
  number={3},
  pages={1192--1209},
  year={2013}
}
@article{kwapisz2011activity,
  title={Activity recognition using cell phone accelerometers},
  author={Kwapisz, Jennifer R and Weiss, Gary M and Moore, Samuel A},
  journal={ACM SigKDD Explorations Newsletter},
  volume={12},
  number={2},
  pages={74--82},
  year={2011},
  publisher={ACM}
}

@ARTICLE{8118128,
author={C. Shen and B. J. Ho and M. Srivastava},
journal={IEEE Transactions on Mobile Computing},
title={MiLift: Efficient Smartwatch-based Workout Tracking Using Automatic Segmentation},
year={2017},
volume={PP},
number={99},
pages={1-1},
keywords={Batteries;Medical services;Mobile communication;Mobile computing;Sensors;Smart phones;Tracking;Context-aware inferences;mobile sensing;wearable computing},
doi={10.1109/TMC.2017.2775641},
ISSN={1536-1233},
month={},}

@Inbook{OShea2016,
author="O'Shea, Timothy J.
and Corgan, Johnathan
and Clancy, T. Charles",
editor="Jayne, Chrisina
and Iliadis, Lazaros",
title="Convolutional Radio Modulation Recognition Networks",
bookTitle="Engineering Applications of Neural Networks: 17th International Conference, EANN 2016, Aberdeen, UK, September 2-5, 2016, Proceedings",
year="2016",
publisher="Springer International Publishing",
address="Cham",
pages="213--226",
abstract="We study the adaptation of convolutional neural networks to the complex-valued temporal radio signal domain. We compare the efficacy of radio modulation classification using naively learned features against using expert feature based methods which are widely used today and e show significant performance improvements. We show that blind temporal learning on large and densely encoded time series using deep convolutional neural networks is viable and a strong candidate approach for this task especially at low signal to noise ratio.",
isbn="978-3-319-44188-7",
doi="10.1007/978-3-319-44188-7_16",
url="https://doi.org/10.1007/978-3-319-44188-7_16"
}
@book{ramasubramanian2016machine,
  title={Machine Learning Using R},
  author={Ramasubramanian, Karthik and Singh, Abhishek},
  year={2016},
  publisher={Springer}
}
@article{grzeszick2017deep,
  title={Deep Neural Network based Human Activity Recognition for the Order Picking Process},
  author={Grzeszick, Rene and Lenk, Jan Marius and Rueda, Fernando Moya and Fink, Gernot A and Feldhorst, Sascha and ten Hompel, Michael},
  year={2017}
}

@inproceedings{kreil2016coping,
  title={Coping with variability in motion based activity recognition},
  author={Kreil, Matthias and Sick, Bernhard and Lukowicz, Paul},
  booktitle={Proceedings of the 3rd International Workshop on Sensor-based Activity Recognition and Interaction},
  pages={4},
  year={2016},
  organization={ACM}
}
@book{wood2017generalized,
  title={Generalized additive models: an introduction with R},
  author={Wood, Simon N},
  year={2017},
  publisher={CRC press}
}

@article{saeys2007review,
  title={A review of feature selection techniques in bioinformatics},
  author={Saeys, Yvan and Inza, I{\~n}aki and Larra{\~n}aga, Pedro},
  journal={bioinformatics},
  volume={23},
  number={19},
  pages={2507--2517},
  year={2007},
  publisher={Oxford University Press}
}


@article{janidarmian2017comprehensive,
  title={A Comprehensive Analysis on Wearable Acceleration Sensors in Human Activity Recognition},
  author={Janidarmian, Majid and Roshan Fekr, Atena and Radecka, Katarzyna and Zilic, Zeljko},
  journal={Sensors},
  volume={17},
  number={3},
  pages={529},
  year={2017},
  publisher={Multidisciplinary Digital Publishing Institute}
}

@article{guyon2003introduction,
	title={An introduction to variable and feature selection},
	author={Guyon, Isabelle and Elisseeff, Andr{\'e}},
	journal={Journal of machine learning research},
	volume={3},
	number={Mar},
	pages={1157--1182},
	year={2003}
}
@inproceedings{zhang2011feature,
  title={A feature selection-based framework for human activity recognition using wearable multimodal sensors},
  author={Zhang, Mi and Sawchuk, Alexander A},
  booktitle={Proceedings of the 6th International Conference on Body Area Networks},
  pages={92--98},
  year={2011},
  organization={ICST (Institute for Computer Sciences, Social-Informatics and Telecommunications Engineering)}
}

@article {WIDM:WIDM1219,
author = {Murtagh, Fionn and Contreras, Pedro},
title = {Algorithms for hierarchical clustering: an overview, II},
journal = {Wiley Interdisciplinary Reviews: Data Mining and Knowledge Discovery},
volume = {7},
number = {6},
publisher = {Wiley Periodicals, Inc},
issn = {1942-4795},
url = {http://dx.doi.org/10.1002/widm.1219},
doi = {10.1002/widm.1219},
pages = {e1219--n/a},
year = {2017},
note = {e1219},
}

@inproceedings{randell2000context,
  title={Context awareness by analysing accelerometer data},
  author={Randell, Cliff and Muller, Henk},
  booktitle={Wearable Computers, The Fourth International Symposium on},
  pages={175--176},
  year={2000},
  organization={IEEE}
}
@article{figo2010preprocessing,
  title={Preprocessing techniques for context recognition from accelerometer data},
  author={Figo, Davide and Diniz, Pedro C and Ferreira, Diogo R and Cardoso, Jo{\~a}o M},
  journal={Personal and Ubiquitous Computing},
  volume={14},
  number={7},
  pages={645--662},
  year={2010},
  publisher={Springer-Verlag}
}
@misc{ProMotio87:online,
author = {},
title = {ProMotion - Motsai Documentation},
howpublished = {\url{http://docs.motsai.com/Neblina/Neblina_Development_Kit/ProMotion/index}},
month = {},
year = {},
note = {(Accessed on 11/13/2017)}
}

@article{wu2012classification,
  title={Classification accuracies of physical activities using smartphone motion sensors},
  author={Wu, Wanmin and Dasgupta, Sanjoy and Ramirez, Ernesto E and Peterson, Carlyn and Norman, Gregory J},
  journal={Journal of medical Internet research},
  volume={14},
  number={5},
  year={2012},
  publisher={JMIR Publications Inc.}
}

@INPROCEEDINGS{6726194,
author={M. Shoaib and H. Scholten and P. J. M. Havinga},
booktitle={2013 IEEE 10th International Conference on Ubiquitous Intelligence and Computing and 2013 IEEE 10th International Conference on Autonomic and Trusted Computing},
title={Towards Physical Activity Recognition Using Smartphone Sensors},
year={2013},
volume={},
number={},
pages={80-87},
keywords={accelerometers;gyroscopes;magnetometers;pattern classification;sensors;smart phones;data-collection app;data-set app;gyroscope;magnetometer;physical activity recognition;smartphone accelerometer;smartphone sensor;training classifier;Accelerometers;Accuracy;Gyroscopes;Legged locomotion;Magnetic sensors;Magnetometers;accelermeter;activity recognition;assisted living;gyroscope;health monitoring;magnetometer;sensor fusion;smartphone sensors;well-being applications},
doi={10.1109/UIC-ATC.2013.43},
ISSN={},
month={Dec},}



@article {CAV:CAV2,
author = {Aminian, Kamiar and Najafi, Bijan},
title = {Capturing human motion using body-fixed sensors: outdoor measurement and clinical applications},
journal = {Computer Animation and Virtual Worlds},
volume = {15},
number = {2},
publisher = {John Wiley & Sons, Ltd.},
issn = {1546-427X},
url = {http://dx.doi.org/10.1002/cav.2},
doi = {10.1002/cav.2},
pages = {79--94},
keywords = {motion capture, sensors, outdoor monitoring, gait, posture, clinical studies},
year = {2004},
}



@ARTICLE{1528431,
author={E. Foxlin},
journal={IEEE Computer Graphics and Applications},
title={Pedestrian tracking with shoe-mounted inertial sensors},
year={2005},
volume={25},
number={6},
pages={38-46},
keywords={augmented reality;computer vision;inertial navigation;sensors;tracking;NavShoe system;augmented reality;close-range object registration;computer vision;database search space;emergency first responders;location-sensitive wearable computing;mixed reality;mobile 3D audio;navigation system;pedestrian tracking;personal navigation assistance;position-tracking technologies;shoe-mounted inertial sensors;Augmented reality;Computer errors;Foot;Instruments;Mobile computing;Navigation;Robustness;Virtual reality;Wearable computers;Wireless sensor networks;GPS;MEMS;Tracking;calibration;dead reckoning;inertial;kalman filtering;magnetometers;navigation;pedestrian;Acceleration;Equipment Design;Equipment Failure Analysis;Foot;Humans;Movement;Shoes;Telemetry;Transducers;User-Computer Interface},
doi={10.1109/MCG.2005.140},
ISSN={0272-1716},
month={Nov},}

@inproceedings{yong2013human,
  title={Human hand movement analysis using principle component analysis classifier},
  author={Yong, Ching Yee and Sudirman, Rubita and Mahmood, Nasrul Humaimi and Chew, Kim Mey},
  booktitle={Applied Mechanics and Materials},
  volume={284},
  pages={3126--3130},
  year={2013},
  organization={Trans Tech Publ}
}

@Article{s131217472,
AUTHOR = {Banaee, Hadi and Ahmed, Mobyen Uddin and Loutfi, Amy},
TITLE = {Data Mining for Wearable Sensors in Health Monitoring Systems: A Review of Recent Trends and Challenges},
JOURNAL = {Sensors},
VOLUME = {13},
YEAR = {2013},
NUMBER = {12},
PAGES = {17472--17500},
URL = {http://www.mdpi.com/1424-8220/13/12/17472},
PubMedID = {24351646},
ISSN = {1424-8220},
ABSTRACT = {The past few years have witnessed an increase in the development of wearable sensors for health monitoring systems. This increase has been due to several factors such as development in sensor technology as well as directed efforts on political and stakeholder levels to promote projects which address the need for providing new methods for care given increasing challenges with an aging population. An important aspect of study in such system is how the data is treated and processed. This paper provides a recent review of the latest methods and algorithms used to analyze data from wearable sensors used for physiological monitoring of vital signs in healthcare services. In particular, the paper outlines the more common data mining tasks that have been applied such as anomaly detection, prediction and decision making when considering in particular continuous time series measurements. Moreover, the paper further details the suitability of particular data mining and machine learning methods used to process the physiological data and provides an overview of the properties of the data sets used in experimental validation. Finally, based on this literature review, a number of key challenges have been outlined for data mining methods in health monitoring systems.},
DOI = {10.3390/s131217472}
}


@Article{s140610146,
AUTHOR = {Shoaib, Muhammad and Bosch, Stephan and Incel, Ozlem Durmaz and Scholten, Hans and Havinga, Paul J. M.},
TITLE = {Fusion of Smartphone Motion Sensors for Physical Activity Recognition},
JOURNAL = {Sensors},
VOLUME = {14},
YEAR = {2014},
NUMBER = {6},
PAGES = {10146--10176},
URL = {http://www.mdpi.com/1424-8220/14/6/10146},
PubMedID = {24919015},
ISSN = {1424-8220},
ABSTRACT = {For physical activity recognition, smartphone sensors, such as an accelerometer and a gyroscope, are being utilized in many research studies. So far, particularly, the accelerometer has been extensively studied. In a few recent studies, a combination of a gyroscope, a magnetometer (in a supporting role) and an accelerometer (in a lead role) has been used with the aim to improve the recognition performance. How and when are various motion sensors, which are available on a smartphone, best used for better recognition performance, either individually or in combination? This is yet to be explored. In order to investigate this question, in this paper, we explore how these various motion sensors behave in different situations in the activity recognition process. For this purpose, we designed a data collection experiment where ten participants performed seven different activities carrying smart phones at different positions. Based on the analysis of this data set, we show that these sensors, except the magnetometer, are each capable of taking the lead roles individually, depending on the type of activity being recognized, the body position, the used data features and the classification method employed (personalized or generalized). We also show that their combination only improves the overall recognition performance when their individual performances are not very high, so that there is room for performance improvement. We have made our data set and our data collection application publicly available, thereby making our experiments reproducible.},
DOI = {10.3390/s140610146}
}



%%% ====================================================================
%%%  BibTeX-file{
%%%     author          = "Gerry Murray",
%%%     version         = "1.2",
%%%     date            = "2 April 2012",
%%%     filename        = "acmsmall-sample-bibfile.bib",
%%%     address         = "ACM, NY",
%%%     email           = "murray at hq.acm.org",
%%%     codetable       = "ISO/ASCII",
%%%     keywords        = "ACM Reference Format, bibliography, citation, references",
%%%     supported       = "yes",
%%%     docstring       = "This BibTeX database file contains 'bibdata' entries
%%%                        that 'match' the examples provided in the Specifications Document
%%%                        AND, also, 'legacy'-type bibs. It should assist authors in
%%%                        choosing the 'correct' at-bibtype and necessary bib-fields
%%%                        so as to obtain the appropriate ACM Reference Format output.
%%%			   It also contains many 'Standard Abbreviations'. "
%%%  }
%%% ====================================================================

% Journals

% First the Full Name is given, then the abbreviation used in the AMS Math
% Reviews, with an indication if it could not be found there.
% Note the 2nd overwrites the 1st, so swap them if you want the full name.

 %{AMS}
 @String{AMSTrans = "American Mathematical Society Translations" }
 @String{AMSTrans = "Amer. Math. Soc. Transl." }
 @String{BullAMS = "Bulletin of the American Mathematical Society" }
 @String{BullAMS = "Bull. Amer. Math. Soc." }
 @String{ProcAMS = "Proceedings of the American Mathematical Society" }
 @String{ProcAMS = "Proc. Amer. Math. Soc." }
 @String{TransAMS = "Transactions of the American Mathematical Society" }
 @String{TransAMS = "Trans. Amer. Math. Soc." }

 %ACM
 @String{CACM = "Communications of the {ACM}" }
 @String{CACM = "Commun. {ACM}" }
 @String{CompServ = "Comput. Surveys" }
 @String{JACM = "J. ACM" }
 @String{ACMMathSoft = "{ACM} Transactions on Mathematical Software" }
 @String{ACMMathSoft = "{ACM} Trans. Math. Software" }
 @String{SIGNUM = "{ACM} {SIGNUM} Newsletter" }
 @String{SIGNUM = "{ACM} {SIGNUM} Newslett." }

 @String{AmerSocio = "American Journal of Sociology" }
 @String{AmerStatAssoc = "Journal of the American Statistical Association" }
 @String{AmerStatAssoc = "J. Amer. Statist. Assoc." }
 @String{ApplMathComp = "Applied Mathematics and Computation" }
 @String{ApplMathComp = "Appl. Math. Comput." }
 @String{AmerMathMonthly = "American Mathematical Monthly" }
 @String{AmerMathMonthly = "Amer. Math. Monthly" }
 @String{BIT = "{BIT}" }
 @String{BritStatPsych = "British Journal of Mathematical and Statistical
          Psychology" }
 @String{BritStatPsych = "Brit. J. Math. Statist. Psych." }
 @String{CanMathBull = "Canadian Mathematical Bulletin" }
 @String{CanMathBull = "Canad. Math. Bull." }
 @String{CompApplMath = "Journal of Computational and Applied Mathematics" }
 @String{CompApplMath = "J. Comput. Appl. Math." }
 @String{CompPhys = "Journal of Computational Physics" }
 @String{CompPhys = "J. Comput. Phys." }
 @String{CompStruct = "Computers and Structures" }
 @String{CompStruct = "Comput. \& Structures" }
 @String{CompJour = "The Computer Journal" }
 @String{CompJour = "Comput. J." }
 @String{CompSysSci = "Journal of Computer and System Sciences" }
 @String{CompSysSci = "J. Comput. System Sci." }
 @String{Computing = "Computing" }
 @String{ContempMath = "Contemporary Mathematics" }
 @String{ContempMath = "Contemp. Math." }
 @String{Crelle = "Crelle's Journal" }
 @String{GiornaleMath = "Giornale di Mathematiche" }
 @String{GiornaleMath = "Giorn. Mat." } % didn't find in AMS MR., ibid.

 %IEEE
 @String{Computer = "{IEEE} Computer" }
 @String{IEEETransComp = "{IEEE} Transactions on Computers" }
 @String{IEEETransComp = "{IEEE} Trans. Comput." }
 @String{IEEETransAC = "{IEEE} Transactions on Automatic Control" }
 @String{IEEETransAC = "{IEEE} Trans. Automat. Control" }
 @String{IEEESpec = "{IEEE} Spectrum" } % didn't find in AMS MR
 @String{ProcIEEE = "Proceedings of the {IEEE}" }
 @String{ProcIEEE = "Proc. {IEEE}" } % didn't find in AMS MR
 @String{IEEETransAeroElec = "{IEEE} Transactions on Aerospace and Electronic
     Systems" }
 @String{IEEETransAeroElec = "{IEEE} Trans. Aerospace Electron. Systems" }

 @String{IMANumerAna = "{IMA} Journal of Numerical Analysis" }
 @String{IMANumerAna = "{IMA} J. Numer. Anal." }
 @String{InfProcLet = "Information Processing Letters" }
 @String{InfProcLet = "Inform. Process. Lett." }
 @String{InstMathApp = "Journal of the Institute of Mathematics and
     its Applications" }
 @String{InstMathApp = "J. Inst. Math. Appl." }
 @String{IntControl = "International Journal of Control" }
 @String{IntControl = "Internat. J. Control" }
 @String{IntNumerEng = "International Journal for Numerical Methods in
     Engineering" }
 @String{IntNumerEng = "Internat. J. Numer. Methods Engrg." }
 @String{IntSuper = "International Journal of Supercomputing Applications" }
 @String{IntSuper = "Internat. J. Supercomputing Applic." } % didn't find
%% in AMS MR
 @String{Kibernetika = "Kibernetika" }
 @String{JResNatBurStand = "Journal of Research of the National Bureau
     of Standards" }
 @String{JResNatBurStand = "J. Res. Nat. Bur. Standards" }
 @String{LinAlgApp = "Linear Algebra and its Applications" }
 @String{LinAlgApp = "Linear Algebra Appl." }
 @String{MathAnaAppl = "Journal of Mathematical Analysis and Applications" }
 @String{MathAnaAppl = "J. Math. Anal. Appl." }
 @String{MathAnnalen = "Mathematische Annalen" }
 @String{MathAnnalen = "Math. Ann." }
 @String{MathPhys = "Journal of Mathematical Physics" }
 @String{MathPhys = "J. Math. Phys." }
 @String{MathComp = "Mathematics of Computation" }
 @String{MathComp = "Math. Comp." }
 @String{MathScand = "Mathematica Scandinavica" }
 @String{MathScand = "Math. Scand." }
 @String{TablesAidsComp = "Mathematical Tables and Other Aids to Computation" }
 @String{TablesAidsComp = "Math. Tables Aids Comput." }
 @String{NumerMath = "Numerische Mathematik" }
 @String{NumerMath = "Numer. Math." }
 @String{PacificMath = "Pacific Journal of Mathematics" }
 @String{PacificMath = "Pacific J. Math." }
 @String{ParDistComp = "Journal of Parallel and Distributed Computing" }
 @String{ParDistComp = "J. Parallel and Distrib. Comput." } % didn't find
%% in AMS MR
 @String{ParComputing = "Parallel Computing" }
 @String{ParComputing = "Parallel Comput." }
 @String{PhilMag = "Philosophical Magazine" }
 @String{PhilMag = "Philos. Mag." }
 @String{ProcNAS = "Proceedings of the National Academy of Sciences
                    of the USA" }
 @String{ProcNAS = "Proc. Nat. Acad. Sci. U. S. A." }
 @String{Psychometrika = "Psychometrika" }
 @String{QuartMath = "Quarterly Journal of Mathematics, Oxford, Series (2)" }
 @String{QuartMath = "Quart. J. Math. Oxford Ser. (2)" }
 @String{QuartApplMath = "Quarterly of Applied Mathematics" }
 @String{QuartApplMath = "Quart. Appl. Math." }
 @String{RevueInstStat = "Review of the International Statisical Institute" }
 @String{RevueInstStat = "Rev. Inst. Internat. Statist." }

 %SIAM
 @String{JSIAM = "Journal of the Society for Industrial and Applied
     Mathematics" }
 @String{JSIAM = "J. Soc. Indust. Appl. Math." }
 @String{JSIAMB = "Journal of the Society for Industrial and Applied
     Mathematics, Series B, Numerical Analysis" }
 @String{JSIAMB = "J. Soc. Indust. Appl. Math. Ser. B Numer. Anal." }
 @String{SIAMAlgMeth = "{SIAM} Journal on Algebraic and Discrete Methods" }
 @String{SIAMAlgMeth = "{SIAM} J. Algebraic Discrete Methods" }
 @String{SIAMAppMath = "{SIAM} Journal on Applied Mathematics" }
 @String{SIAMAppMath = "{SIAM} J. Appl. Math." }
 @String{SIAMComp = "{SIAM} Journal on Computing" }
 @String{SIAMComp = "{SIAM} J. Comput." }
 @String{SIAMMatrix = "{SIAM} Journal on Matrix Analysis and Applications" }
 @String{SIAMMatrix = "{SIAM} J. Matrix Anal. Appl." }
 @String{SIAMNumAnal = "{SIAM} Journal on Numerical Analysis" }
 @String{SIAMNumAnal = "{SIAM} J. Numer. Anal." }
 @String{SIAMReview = "{SIAM} Review" }
 @String{SIAMReview = "{SIAM} Rev." }
 @String{SIAMSciStat = "{SIAM} Journal on Scientific and Statistical
     Computing" }
 @String{SIAMSciStat = "{SIAM} J. Sci. Statist. Comput." }

 @String{SoftPracExp = "Software Practice and Experience" }
 @String{SoftPracExp = "Software Prac. Experience" } % didn't find in AMS MR
 @String{StatScience = "Statistical Science" }
 @String{StatScience = "Statist. Sci." }
 @String{Techno = "Technometrics" }
 @String{USSRCompMathPhys = "{USSR} Computational Mathematics and Mathematical
     Physics" }
 @String{USSRCompMathPhys = "{U. S. S. R.} Comput. Math. and Math. Phys." }
 @String{VLSICompSys = "Journal of {VLSI} and Computer Systems" }
 @String{VLSICompSys = "J. {VLSI} Comput. Syst." }
 @String{ZAngewMathMech = "Zeitschrift fur Angewandte Mathematik und
     Mechanik" }
 @String{ZAngewMathMech = "Z. Angew. Math. Mech." }
 @String{ZAngewMathPhys = "Zeitschrift fur Angewandte Mathematik und Physik" }
 @String{ZAngewMathPhys = "Z. Angew. Math. Phys." }

% Publishers % ================================================= |

 @String{Academic = "Academic Press" }
 @String{ACMPress = "{ACM} Press" }
 @String{AdamHilger = "Adam Hilger" }
 @String{AddisonWesley = "Addison-Wesley" }
 @String{AllynBacon = "Allyn and Bacon" }
 @String{AMS = "American Mathematical Society" }
 @String{Birkhauser = "Birkha{\"u}ser" }
 @String{CambridgePress = "Cambridge University Press" }
 @String{Chelsea = "Chelsea" }
 @String{ClaredonPress = "Claredon Press" }
 @String{DoverPub = "Dover Publications" }
 @String{Eyolles = "Eyolles" }
 @String{HoltRinehartWinston = "Holt, Rinehart and Winston" }
 @String{Interscience = "Interscience" }
 @String{JohnsHopkinsPress = "The Johns Hopkins University Press" }
 @String{JohnWileySons = "John Wiley and Sons" }
 @String{Macmillan = "Macmillan" }
 @String{MathWorks = "The Math Works Inc." }
 @String{McGrawHill = "McGraw-Hill" }
 @String{NatBurStd = "National Bureau of Standards" }
 @String{NorthHolland = "North-Holland" }
 @String{OxfordPress = "Oxford University Press" }  %address Oxford or London?
 @String{PergamonPress = "Pergamon Press" }
 @String{PlenumPress = "Plenum Press" }
 @String{PrenticeHall = "Prentice-Hall" }
 @String{SIAMPub = "{SIAM} Publications" }
 @String{Springer = "Springer-Verlag" }
 @String{TexasPress = "University of Texas Press" }
 @String{VanNostrand = "Van Nostrand" }
 @String{WHFreeman = "W. H. Freeman and Co." }

%Entries
